<record><leader>01355cas a2200337 a 4500</leader><controlfield tag="001">1346170</controlfield><controlfield tag="008">891205c19899999tma x m       0    0eng d</controlfield><controlfield tag="005">20230929042255.7</controlfield><datafield tag="019" ind1="1" ind2=" "><subfield code="a">6824903</subfield></datafield><datafield tag="022" ind1=" " ind2=" "><subfield code="a">1034-361X</subfield></datafield><datafield tag="035" ind1=" " ind2=" "><subfield code="9">(AuCNLDY)1341359</subfield></datafield><datafield tag="040" ind1=" " ind2=" "><subfield code="a">ANB</subfield><subfield code="b">eng</subfield><subfield code="c">ANB</subfield><subfield code="d">ABN-SNR</subfield></datafield><datafield tag="042" ind1=" " ind2=" "><subfield code="a">anuc</subfield></datafield><datafield tag="043" ind1=" " ind2=" "><subfield code="a">t------</subfield></datafield><datafield tag="082" ind1="0" ind2="4"><subfield code="a">341.29</subfield><subfield code="2">20</subfield></datafield><datafield tag="210" ind1="0" ind2=" "><subfield code="a">Antarct. s. oceans law policy occas. pap</subfield></datafield><datafield tag="222" ind1=" " ind2="0"><subfield code="a">Antarctic and southern oceans law and policy occasional papers</subfield></datafield><datafield tag="245" ind1="0" ind2="0"><subfield code="a">Antarctic and southern oceans law and policy occasional papers.</subfield></datafield><datafield tag="246" ind1="3" ind2="3"><subfield code="a">ASOLP occasional papers</subfield></datafield><datafield tag="260" ind1=" " ind2=" "><subfield code="a">Hobart :</subfield><subfield code="b">Faculty of Law, University of Tasmania,</subfield><subfield code="c">1989-    .</subfield></datafield><datafield tag="300" ind1=" " ind2=" "><subfield code="a">v. ;</subfield><subfield code="c">25 cm.</subfield></datafield><datafield tag="362" ind1="0" ind2=" "><subfield code="a">1-</subfield></datafield><datafield tag="500" ind1=" " ind2=" "><subfield code="a">Each issue has a distinctive title.</subfield></datafield><datafield tag="500" ind1=" " ind2=" "><subfield code="a">Some issues also available in an electronic version via the Internet at: http://www.comlaw.utas.edu.au/law/public.html</subfield></datafield><datafield tag="583" ind1=" " ind2=" "><subfield code="a">Electronic version selected for archiving</subfield><subfield code="5">ANL</subfield></datafield><datafield tag="651" ind1=" " ind2="0"><subfield code="a">Antarctica</subfield><subfield code="x">International status</subfield><subfield code="x">Periodicals.</subfield></datafield><datafield tag="710" ind1="2" ind2=" "><subfield code="a">University of Tasmania.</subfield><subfield code="b">Faculty of Law.</subfield></datafield><datafield tag="830" ind1=" " ind2="0"><subfield code="a">PANDORA electronic collection.</subfield></datafield><datafield tag="856" ind1="4" ind2="0"><subfield code="z">Archived at ANL</subfield><subfield code="u">http://nla.gov.au/nla.arc-10415</subfield></datafield><datafield tag="856" ind1="4" ind2="2"><subfield code="z">Publisher site</subfield><subfield code="u">http://www.comlaw.utas.edu.au/law/public.html</subfield></datafield><datafield tag="999" ind1="f" ind2="f"><subfield code="i">ce5bd2e0-e2cf-5867-91c7-135edb45d82f</subfield><subfield code="s">60d7be71-7f67-5f38-b4fb-b144aa448e12</subfield></datafield><datafield tag="952" ind1="f" ind2="f"><subfield code="a">National Library of Australia</subfield><subfield code="b">Parkes</subfield><subfield code="c">Parkes</subfield><subfield code="d">Use 'Online Access' link in record (ELECAUS)</subfield><subfield code="e">Internet</subfield><subfield code="h">Other scheme</subfield><subfield code="m">e54593ee-0d62-56ee-814b-56d26df0b660</subfield></datafield><datafield tag="952" ind1="f" ind2="f"><subfield code="a">National Library of Australia</subfield><subfield code="b">Parkes</subfield><subfield code="c">Parkes</subfield><subfield code="d">Main Reading Room (CAC [LG1])</subfield><subfield code="e">N 341.29 ANT</subfield><subfield code="h">Dewey Decimal classification</subfield><subfield code="m">fd2277ca-11e0-5512-b68a-feb262b933bd</subfield><subfield code="z">Holdings note: no. 1-no. 4</subfield><subfield code="z">Holdings statement: no. 10</subfield><subfield code="z">Holdings statement: no. 13</subfield><subfield code="z">Holdings note: no. 7-no. 8</subfield><subfield code="z">Holdings statement: no. 12</subfield><subfield code="z">Holdings statement: no. 9</subfield><subfield code="z">Holdings statement: no. 11</subfield><subfield code="x">ANBD Serial Holdings Summary: 1- [Some issues also available on the Internet]</subfield><subfield code="z">Note: INDIVIDUAL TITLES IN THIS SERIES ALSO HAVE SEPARATE CATALOGUE RECORDS.</subfield></datafield></record>